@book{ioannidis1991propagation,
  title={On the propagation of errors in the size of join results},
  author={Ioannidis, Yannis E and Christodoulakis, Stavros},
  volume={20},
  number={2},
  year={1991},
  publisher={ACM}
}
